<record><leader>00000cas a22000007a 4500</leader><controlfield tag="001">10904783</controlfield><controlfield tag="008">840702c19849999laudn ne      0   a0eng d</controlfield><datafield ind1=" " ind2=" " tag="010"><subfield code="a">sn 84006380 </subfield></datafield><datafield ind1=" " ind2=" " tag="040"><subfield code="a">NSD</subfield><subfield code="b">eng</subfield><subfield code="c">NSD</subfield><subfield code="d">LNP</subfield><subfield code="d">OCLCQ</subfield><subfield code="d">LNP</subfield><subfield code="d">OCLCQ</subfield><subfield code="d">OCLCF</subfield><subfield code="d">OCLCO</subfield></datafield><datafield ind1=" " ind2=" " tag="012"><subfield code="m">1</subfield></datafield><datafield ind1="1" ind2=" " tag="022"><subfield code="a">0747-4733</subfield><subfield code="l">0747-4733</subfield><subfield code="2">1</subfield></datafield><datafield ind1="1" ind2=" " tag="029"><subfield code="a">AU@</subfield><subfield code="b">000020334888</subfield></datafield><datafield ind1=" " ind2=" " tag="032"><subfield code="a">879920</subfield><subfield code="b">USPS</subfield></datafield><datafield ind1=" " ind2=" " tag="037"><subfield code="b">Bossier Press Tribune, P.O. Box 6267, Bossier City, LA 71171</subfield></datafield><datafield ind1=" " ind2=" " tag="042"><subfield code="a">nsdp</subfield></datafield><datafield ind1=" " ind2="0" tag="222"><subfield code="a">Bossier press-tribune</subfield></datafield><datafield ind1="0" ind2="0" tag="245"><subfield code="a">Bossier press tribune.</subfield></datafield><datafield ind1="3" ind2="0" tag="246"><subfield code="a">Bossier press-tribune</subfield></datafield><datafield ind1=" " ind2=" " tag="260"><subfield code="a">Bossier City, La. :</subfield><subfield code="b">Bossier Newspaper Pub. Co.</subfield><subfield code="c">1984-</subfield></datafield><datafield ind1=" " ind2=" " tag="310"><subfield code="a">Daily (except Sat. and Sun.),</subfield><subfield code="b">Aug. 4, 2008-</subfield></datafield><datafield ind1=" " ind2=" " tag="321"><subfield code="a">Semiweekly,</subfield><subfield code="b">Sept. 4, 1996-Aug. 1, 2008</subfield></datafield><datafield ind1=" " ind2=" " tag="321"><subfield code="a">Weekly,</subfield><subfield code="b">1984-Aug. 30, 1996</subfield></datafield><datafield ind1="0" ind2=" " tag="362"><subfield code="a">Vol. 1, no. 1 (May 30, 1984)-</subfield></datafield><datafield ind1=" " ind2=" " tag="500"><subfield code="a">Title varies slightly: Bossier press-tribune, June 13/19, 1984-</subfield></datafield><datafield ind1=" " ind2="0" tag="651"><subfield code="a">Bossier City (La.)</subfield><subfield code="v">Newspapers.</subfield></datafield><datafield ind1=" " ind2="0" tag="651"><subfield code="a">Bossier Parish (La.)</subfield><subfield code="v">Newspapers.</subfield></datafield><datafield ind1=" " ind2="7" tag="655"><subfield code="a">Newspapers.</subfield><subfield code="2">fast</subfield><subfield code="0">(OCoLC)fst01423814</subfield></datafield><datafield ind1=" " ind2="7" tag="651"><subfield code="a">Louisiana</subfield><subfield code="z">Bossier City.</subfield><subfield code="2">fast</subfield><subfield code="0">(OCoLC)fst01221014</subfield></datafield><datafield ind1=" " ind2="7" tag="651"><subfield code="a">Louisiana</subfield><subfield code="z">Bossier Parish.</subfield><subfield code="2">fast</subfield><subfield code="0">(OCoLC)fst01207478</subfield></datafield><datafield ind1=" " ind2=" " tag="752"><subfield code="a">United States</subfield><subfield code="b">Louisiana</subfield><subfield code="c">Bossier</subfield><subfield code="d">Bossier City.</subfield></datafield><datafield ind1=" " ind2=" " tag="752"><subfield code="a">United States</subfield><subfield code="b">Louisiana</subfield><subfield code="c">Bossier.</subfield></datafield><datafield ind1="0" ind2=" " tag="775"><subfield code="t">Bossier banner-progress</subfield><subfield code="g">Mar. 24, 1996-</subfield><subfield code="w">(DLC)sn 88064083</subfield></datafield><datafield ind1="0" ind2="4" tag="780"><subfield code="t">Bossier press (Bossier City, La. : 1982)</subfield><subfield code="w">(DLC)sn 88064173</subfield></datafield><datafield ind1="0" ind2="4" tag="780"><subfield code="t">Bossier tribune</subfield><subfield code="w">(DLC)sn 88064174</subfield></datafield><datafield ind1=" " ind2=" " tag="936"><subfield code="a">May 30, 1984</subfield></datafield></record>